<?xml version="1.0" encoding="UTF-8"?><collection xmlns="http://www.loc.gov/MARC21/slim"><record><leader>00419nam--2200157-i-4500</leader><controlfield tag="001">000012769</controlfield><controlfield tag="002">20161230</controlfield><controlfield tag="005">20161230201030</controlfield><controlfield tag="008">060222s1000------------r-----000-0-eng-d</controlfield><datafield ind1=" " ind2=" " tag="040"><subfield code="a">IFIN-HH</subfield></datafield><datafield ind1=" " ind2=" " tag="080"><subfield code="a">538.9-404:532</subfield></datafield><datafield ind1="1" ind2=" " tag="100"><subfield code="a">Croxton, Clive A</subfield></datafield><datafield ind1="1" ind2="0" tag="245"><subfield code="a">Progress in liquid physics</subfield><subfield code="c">CLIVE A. CROXTON (Ed.)</subfield></datafield><datafield ind1=" " ind2=" " tag="260"><subfield code="a">Chichester, John Wiley &amp; Sons, 1978</subfield></datafield><datafield ind1=" " ind2=" " tag="300"><subfield code="a">VIII+592P</subfield></datafield><datafield ind1=" " ind2=" " tag="CAT"><subfield code="a">Sys</subfield><subfield code="c">20100721</subfield><subfield code="h">135410</subfield></datafield></record></collection>